<?xml version="1.0" encoding="UTF-8"?>
<collection>
   <record>
      <leader>01772cam a2200433Ii 4500</leader>
      <controlfield tag="001">9915476093907426</controlfield>
      <controlfield tag="005">20221102050646.0</controlfield>
      <controlfield tag="008">900401s1903    dcu           000 0 eng d</controlfield>
      <datafield tag="016" ind1="7" ind2=" ">
         <subfield code="a">CAT10712481</subfield>
         <subfield code="2">DNAL</subfield>
      </datafield>
      <datafield tag="019" ind1=" " ind2=" ">
         <subfield code="a">23099771</subfield>
      </datafield>
      <datafield tag="035" ind1=" " ind2=" ">
         <subfield code="a">601014</subfield>
      </datafield>
      <datafield tag="035" ind1=" " ind2=" ">
         <subfield code="a">(OCoLC)06342711</subfield>
         <subfield code="z">(OCoLC)23099771</subfield>
      </datafield>
      <datafield tag="035" ind1=" " ind2=" ">
         <subfield code="a">(DNAL)601014-naldb-Voyager</subfield>
      </datafield>
      <datafield tag="035" ind1=" " ind2=" ">
         <subfield code="z">(OCoLC)23099771</subfield>
      </datafield>
      <datafield tag="040" ind1=" " ind2=" ">
         <subfield code="a">USU</subfield>
         <subfield code="b">eng</subfield>
         <subfield code="c">USU</subfield>
         <subfield code="d">DNU</subfield>
         <subfield code="d">PAU</subfield>
         <subfield code="d">AGL</subfield>
         <subfield code="d">KRTAS</subfield>
         <subfield code="d">ZAP</subfield>
         <subfield code="d">OCLCQ</subfield>
         <subfield code="d">OCLCF</subfield>
         <subfield code="d">OCLCQ</subfield>
         <subfield code="d">OCLCO</subfield>
         <subfield code="d">WIH</subfield>
      </datafield>
      <datafield tag="049" ind1=" " ind2=" ">
         <subfield code="a">RQIA</subfield>
      </datafield>
      <datafield tag="050" ind1="1" ind2="0">
         <subfield code="a">SF951</subfield>
         <subfield code="b">.U6 1903</subfield>
      </datafield>
      <datafield tag="070" ind1="0" ind2=" ">
         <subfield code="a">41</subfield>
         <subfield code="b">P73</subfield>
      </datafield>
      <datafield tag="072" ind1=" " ind2=" ">
         <subfield code="a">L800</subfield>
      </datafield>
      <datafield tag="086" ind1="0" ind2=" ">
         <subfield code="a">W 30.2:H 78/2</subfield>
      </datafield>
      <datafield tag="110" ind1="2" ind2=" ">
         <subfield code="a">School of Application for Cavalry and Field Artillery (Fort Riley, Kan.)</subfield>
      </datafield>
      <datafield tag="245" ind1="1" ind2="4">
         <subfield code="a">The army horse in accident and disease /</subfield>
         <subfield code="c">compiled by Alexander Plummer and Richard H. Power ; for the instruction of farriers and horseshoers at the School of Application for Cavalry and Field Artillery, Fort Riley, Kansas.</subfield>
      </datafield>
      <datafield tag="260" ind1=" " ind2=" ">
         <subfield code="a">Washington :</subfield>
         <subfield code="b">Govt. Print. Off.,</subfield>
         <subfield code="c">1903.</subfield>
      </datafield>
      <datafield tag="300" ind1=" " ind2=" ">
         <subfield code="a">91 pages ;</subfield>
         <subfield code="c">20 cm</subfield>
      </datafield>
      <datafield tag="336" ind1=" " ind2=" ">
         <subfield code="a">text</subfield>
         <subfield code="b">txt</subfield>
         <subfield code="2">rdacontent</subfield>
      </datafield>
      <datafield tag="337" ind1=" " ind2=" ">
         <subfield code="a">unmediated</subfield>
         <subfield code="b">n</subfield>
         <subfield code="2">rdamedia</subfield>
      </datafield>
      <datafield tag="338" ind1=" " ind2=" ">
         <subfield code="a">volume</subfield>
         <subfield code="b">nc</subfield>
         <subfield code="2">rdacarrier</subfield>
      </datafield>
      <datafield tag="504" ind1=" " ind2=" ">
         <subfield code="a">"Authorities consulted": p.5.</subfield>
      </datafield>
      <datafield tag="591" ind1=" " ind2=" ">
         <subfield code="b">NAL Reclamation</subfield>
      </datafield>
      <datafield tag="650" ind1=" " ind2="0">
         <subfield code="a">Horses</subfield>
         <subfield code="x">Diseases.</subfield>
         <subfield code="0">http://id.loc.gov/authorities/subjects/sh85062163</subfield>
      </datafield>
      <datafield tag="650" ind1=" " ind2="2">
         <subfield code="a">Horse Diseases.</subfield>
      </datafield>
      <datafield tag="650" ind1=" " ind2="2">
         <subfield code="a">Veterinary Service, Military.</subfield>
      </datafield>
      <datafield tag="776" ind1="0" ind2="8">
         <subfield code="i">Online version:</subfield>
         <subfield code="a">School of Application for Cavalry and Field Artillery (Fort Riley, Kan.).</subfield>
         <subfield code="t">Army horse in accident and disease.</subfield>
         <subfield code="d">Washington : Govt. Print. Off., 1903</subfield>
         <subfield code="w">(OCoLC)621558238</subfield>
      </datafield>
      <datafield tag="912" ind1=" " ind2=" ">
         <subfield code="a">nalcatalog</subfield>
      </datafield>
      <datafield tag="930" ind1=" " ind2=" ">
         <subfield code="a">00000000</subfield>
         <subfield code="b">00000000</subfield>
         <subfield code="c">00000000</subfield>
      </datafield>
      <datafield tag="938" ind1=" " ind2=" ">
         <subfield code="a">Kirtas Technologies, Inc.</subfield>
         <subfield code="b">KRTS</subfield>
         <subfield code="n">313495</subfield>
      </datafield>
      <datafield tag="938" ind1=" " ind2=" ">
         <subfield code="a">Kirtas Technologies, Inc.</subfield>
         <subfield code="b">KRTS</subfield>
         <subfield code="n">655418</subfield>
      </datafield>
      <datafield tag="946" ind1=" " ind2=" ">
         <subfield code="a">Other US</subfield>
      </datafield>
      <datafield tag="994" ind1=" " ind2=" ">
         <subfield code="a">92</subfield>
         <subfield code="b">AGL</subfield>
      </datafield>
   </record>
</collection>
